@book{rubin1987,
  title={Multiple Imputation for Nonresponse in Surveys},
  author={Rubin, Donald B.},
  year={1987},
  publisher={Wiley}
}

@book{little2019,
  title={Statistical Analysis with Missing Data},
  author={Little, Roderick J. A. and Rubin, Donald B.},
  year={2019},
  publisher={Wiley}
}

@book{field2013,
  author    = {Field, Andy},
  title     = {Discovering Statistics Using {IBM SPSS} Statistics},
  year      = {2013},
  publisher = {Sage},
}

@book{breiman1984,
  author    = {Breiman, Leo and Friedman, Jerome and Stone, Charles J. and Olshen, Robert A.},
  title     = {Classification and Regression Trees},
  year      = {1984},
  publisher = {CRC Press},
}

@misc{githubrepo,
  author       = {Stefan Kerkoƒç},
  title        = {utu-projekat},
  year         = {2024},
  publisher    = {GitHub},
  journal      = {GitHub repository},
  howpublished = {\url{https://github.com/kerkoc01/utu-projekat/tree/main}},
}
